%% This BibTeX bibliography file was created using BibDesk.
%% http://bibdesk.sourceforge.net/


%% Created for Jenny-Margrethe Vej at 2015-06-11 22:01:40 +0200 


%% Saved with string encoding Unicode (UTF-8) 



@book{comptell,
	Author = {Trine May and Bo Kampmann Walther},
	Date-Added = {2015-06-11 20:00:52 +0000},
	Date-Modified = {2015-06-11 20:01:40 +0000},
	Editor = {Karen Agnild},
	Publisher = {Gyldendal},
	Title = {Computerspillets Fort{\ae}llinger},
	Volume = {1},
	Year = {2013}}
